<record><leader>00000cas a22000007a 4500</leader><controlfield tag="001">18264342</controlfield><controlfield tag="008">880725d18871898nyudn ne      0    0eng d</controlfield><datafield ind1=" " ind2=" " tag="010"><subfield code="a">sn 88074616 </subfield></datafield><datafield ind1=" " ind2=" " tag="040"><subfield code="a">NYS</subfield><subfield code="b">eng</subfield><subfield code="c">NYS</subfield><subfield code="d">OCLCQ</subfield></datafield><datafield ind1=" " ind2=" " tag="042"><subfield code="a">msc</subfield></datafield><datafield ind1="0" ind2=" " tag="130"><subfield code="a">Daily leader (Gloversville, N.Y.)</subfield></datafield><datafield ind1="1" ind2="4" tag="245"><subfield code="a">The daily leader.</subfield></datafield><datafield ind1=" " ind2=" " tag="260"><subfield code="a">Gloversville, N.Y. :</subfield><subfield code="b">Shaul &amp; Collins</subfield></datafield><datafield ind1=" " ind2=" " tag="300"><subfield code="a">v.</subfield></datafield><datafield ind1=" " ind2=" " tag="310"><subfield code="a">Daily (except Sunday),</subfield><subfield code="b">&lt;Apr. 11, 1889&gt;-</subfield></datafield><datafield ind1=" " ind2=" " tag="321"><subfield code="a">Daily (except Sundays and Holidays),</subfield><subfield code="b">&lt;Sept. 1, 1888&gt;-</subfield></datafield><datafield ind1="1" ind2=" " tag="362"><subfield code="a">Began with Aug. 30, 1887 issue.</subfield></datafield><datafield ind1="0" ind2=" " tag="362"><subfield code="a">-v. 11, no. 177 (Mar. 26, 1898) = -whole no. 3197.</subfield></datafield><datafield ind1=" " ind2=" " tag="500"><subfield code="a">Publishers: Shaul &amp; Collins, &lt;1888-1889&gt;; Collins &amp; Leaning, &lt;1891-1894&gt;; William B. Collins, &lt;1896-1897&gt;.</subfield></datafield><datafield ind1=" " ind2=" " tag="588"><subfield code="a">Description based on: Vol. 2, no. 3 (Sept. 1, 1888).</subfield></datafield><datafield ind1=" " ind2="4" tag="651"><subfield code="a">Gloversville (N.Y.)</subfield><subfield code="v">Newspapers.</subfield></datafield><datafield ind1=" " ind2="4" tag="651"><subfield code="a">Fulton County (N.Y.)</subfield><subfield code="v">Newspapers.</subfield></datafield><datafield ind1=" " ind2=" " tag="752"><subfield code="a">United States</subfield><subfield code="b">New York</subfield><subfield code="c">Fulton</subfield><subfield code="d">Gloversville.</subfield></datafield><datafield ind1="0" ind2="0" tag="785"><subfield code="t">Gloversville daily leader</subfield><subfield code="w">(DLC)sn 87070017</subfield></datafield><datafield ind1="1" ind2=" " tag="029"><subfield code="a">AU@</subfield><subfield code="b">000020524643</subfield></datafield></record>